@book{love,
    title={Ядро Linux: описание процесса разработки, 3-е изд},
    author={Лав, Роберт},
    publisher= {М.: ООО «И.Д. Вильямс»},
    year={2013},
    pages={496}
}

@misc{c,
	title="ISO/IEC 9899:1990 Programming languages --- C [Электронный ресурс]",
	howpublished="Режим доступа: \url{https://www.iso.org/standard/17782.html} (дата обращения: 25.12.2022)"
}

@misc{vscode,
	title="Visual Studio Code [Электронный ресурс]",
	howpublished="Режим доступа: \url{https://code.visualstudio.com/} (дата обращения: 25.12.2022)"
}

@misc{ubuntu,
	title="Ubuntu 20.04.5 LTS (Focal Fossa) [Электронный ресурс]",
	howpublished="Режим доступа: \url{https://releases.ubuntu.com/focal/} (дата обращения: 25.12.2022)"
}

@misc{kernel,
	title="Исходный код ядра Linux версии 5.15.60 [Электронный ресурс]",
	howpublished="Режим доступа: \url{https://elixir.bootlin.com/linux/v5.15.60/source} (дата обращения: 25.12.2022)"
}

@article{ryazanov2023,
  title={Метод изменения поведения HID-устройств под управлением ОС Linux},
  author={Рязанова, Н.Ю. and Сикорский, О.С.},
  journal={Новые информационные технологии в автоматизированных системах},
  year={2018},
  email={ryaz_nu@mail.ru, olegsik@gmail.com}
}
